@online{GuidingThePlayersEye,
	author = {Matthew Gallant},
	title = {Guiding The Playerâ€™s Eye},
	day = 26,
	month = May,
  	year = 2009,
  	url = {http://gangles.ca/2009/05/26/guiding-the-eye/},
  	urldate = {2018-02-27}
}

@masterthesis{TheInvisibleHand,
	title = "The Invisible Hand: Using Level Design Elements To Manipulate Player Choice",
    	school = {Southern Methodist University},
    	author = {Thomas Hoeg},
    	year="2008",
}

@masterthesis{HowLevelDesignersAffect,
	title = "How Level Designers Affect Player Pathing Decisions: Player Manipulation through Level Design",
    	school = {Southern Methodist University},
    	author = {Brandi Alotto},
    	year="2007",
}

@masterthesis{TheConstraintsAndAffordances,
	title = "The Constraints and Affordances of Building a Single Player Level Based on Historic Reference",
    	school = {Southern Methodist University},
    	author = {John D. Brady},
    	year="2012",
}

@masterthesis{InGameLigthing,
	title = "In-Game Lighting and its Effect on Player Behavior and Decision-Making",
    	school = {Southern Methodist University},
    	author = {Joy Brownmiller},
    	year="2012",
}

@inproceedings{Guttler:2003:SPL:963900.963915,
	author = {G\"{u}ttler, Christian and Johansson, Troels Degn},
	title = {Spatial Principles of Level-design in Multi-player First-person Shooters},
	booktitle = {Proceedings of the 2Nd Workshop on Network and System Support for Games},
	series = {NetGames '03},
	year = {2003},
	isbn = {1-58113-734-6},
	location = {Redwood City, California},
	pages = {158--170},
	numpages = {13},
	url = {http://doi.acm.org/10.1145/963900.963915},
	doi = {10.1145/963900.963915},
	acmid = {963915},
	publisher = {ACM},
	address = {New York, NY, USA},
	keywords = {emergence, game architecture, game-play, level design, multiplay, teamplay},
}

@inproceedings{Hullett:2010:DPF:1822348.1822359,
 author = {Hullett, Kenneth and Whitehead, Jim},
 title = {Design Patterns in FPS Levels},
 booktitle = {Proceedings of the Fifth International Conference on the Foundations of Digital Games},
 series = {FDG '10},
 year = {2010},
 isbn = {978-1-60558-937-4},
 location = {Monterey, California},
 pages = {78--85},
 numpages = {8},
 url = {http://doi.acm.org/10.1145/1822348.1822359},
 doi = {10.1145/1822348.1822359},
 acmid = {1822359},
 publisher = {ACM},
 address = {New York, NY, USA},
 keywords = {design patterns, game design, level design},
} 

@online{LevelDesignPatterns,
  author  = {Simon Larsen}, 
  title   = {Level Design Patterns},
  url = {http://simonlundlarsen.com/wpcontent/uploads/2015/06/Level-design-patterns.pdf},
  year="2006",
}

@phdrthesis{TheScienceOfLevelDesign,
	title = "The Science of Level Design: Design Patterns and Analysis of Player Behavior in First-Person Shooter Levels",
    	school = {University of California},
    	location = {Santa Cruz},
    	author = {Kenneth M. Hullett},
    	year="2012",
}